<?xml version="1.0" encoding="UTF-8"?><collection xmlns="http://www.loc.gov/MARC21/slim"><record><leader>00550nam--2200181-i-4500</leader><controlfield tag="001">000009102</controlfield><controlfield tag="002">20161230</controlfield><controlfield tag="005">20161230201028</controlfield><controlfield tag="008">060222s1000------------r-----000-0-eng-d</controlfield><datafield ind1=" " ind2=" " tag="040"><subfield code="a">IFIN-HH</subfield></datafield><datafield ind1=" " ind2=" " tag="080"><subfield code="a">512.061.3</subfield></datafield><datafield ind1="1" ind2=" " tag="100"><subfield code="a">Flachsmeyer,J. ; Poppe, H. ; Terpe, F</subfield></datafield><datafield ind1="1" ind2="0" tag="245"><subfield code="a">Contributions to extension theory of topological structures</subfield><subfield code="c">J. flachsmeyer, h. poppe, f. terpe</subfield></datafield><datafield ind1=" " ind2=" " tag="260"><subfield code="a">Berlin</subfield><subfield code="b">Veb Deutscher Verlag Der Wissenschaften</subfield><subfield code="c">1969</subfield></datafield><datafield ind1=" " ind2=" " tag="300"><subfield code="a">279 P</subfield></datafield><datafield ind1="1" ind2=" " tag="700"><subfield code="a">Terpe, F</subfield></datafield><datafield ind1=" " ind2=" " tag="852"><subfield code="a">31860</subfield><subfield code="c">513.83</subfield></datafield><datafield ind1=" " ind2=" " tag="CAT"><subfield code="a">Sys</subfield><subfield code="c">20120323</subfield><subfield code="h">124925</subfield></datafield></record></collection>